@misc{google2023codeReviewML,
  author       = {Google Research},
  title        = {Resolving code review comments with ML},
  year         = {2023},
  url          = {https://research.google/blog/resolving-code-review-comments-with-ml/},
  note         = {Accessed: 2024-12-06}
}

@misc{qodoAI2024idePlugin,
  author       = {Qodo AI},
  title        = {IDE Plugin for AI-assisted development},
  year         = {2024},
  url          = {https://www.qodo.ai/products/ide-plugin/},
  note         = {Accessed: 2024-12-06}
}

@misc{google2023aiFuzzing,
  author       = {Google Security Blog},
  title        = {AI-powered fuzzing: breaking bug hunting barriers},
  year         = {2023},
  month        = {August},
  url          = {https://security.googleblog.com/2023/08/ai-powered-fuzzing-breaking-bug-hunting.html},
  note         = {Accessed: 2024-12-06}
}

@misc{cso2024aiFuzzing,
  author       = {CSO Online},
  title        = {What is AI fuzzing and why it may be the next big cybersecurity threat},
  year         = {2024},
  url          = {https://www.csoonline.com/article/567053/what-is-ai-fuzzing-and-why-it-may-be-the-next-big-cybersecurity-threat.html},
  note         = {Accessed: 2024-12-06}
}

@article{chen2023oodGeneralization,
  author       = {Chen, Tianle and Li, Mingjie and Zha, Shengyu},
  title        = {Towards understanding out-of-distribution generalization of pre-trained language models},
  journal      = {arXiv},
  year         = {2023},
  month        = {May},
  doi          = {10.48550/arXiv.2305.01863},
  url          = {https://arxiv.org/abs/2305.01863}
}

@misc{awekrx2024autodoc,
  author       = {Awekrx},
  title        = {AutoDoc-ChatGPT: documentation generation using ChatGPT},
  year         = {2024},
  url          = {https://github.com/awekrx/AutoDoc-ChatGPT},
  note         = {Accessed: 2024-12-06}
}

@article{wiggers2023largeModels,
  author       = {Wiggers, Kyle M. and Smith, James and Zhao, Xinyi},
  title        = {Enhanced large language models for multi-modal research synthesis},
  journal      = {arXiv},
  year         = {2023},
  month        = {July},
  url          = {https://arxiv.org/html/2307.08177v3/#S1}
}

@article{emerald2019csrImpact,
  author       = {Emerald Group Publishing Limited},
  title        = {Corporate Social Responsibility and firm value: the moderating role of governance mechanisms},
  journal      = {Advances in Corporate Governance Research},
  year         = {2019},
  volume       = {16},
  doi          = {10.1108/s1548-643520190000016007},
  url          = {https://www.emerald.com/insight/content/doi/10.1108/s1548-643520190000016007/full/html},
  note         = {Accessed: 2024-12-06}
}

@article{shietal2020IoT_AI,
  author={Shi, Feifei and Ning, Huansheng and Huangfu, Wei and Zhang, Fan and Wei, Dawei and Hong, Tao and Daneshmand, Mahmoud},
  journal={IEEE Network}, 
  title={Recent Progress on the Convergence of the Internet of Things and Artificial Intelligence}, 
  year={2020},
  volume={34},
  number={5},
  pages={8-15},
  keywords={Artificial intelligence;Convergence;Sensors;Internet of Things;Neural networks;Routing;Smart cities},
  doi={10.1109/MNET.011.2000009}}
